@article{goodman2021difference,
  title={Difference-in-differences with variation in treatment timing},
  author={Goodman-Bacon, Andrew},
  journal={Journal of econometrics},
  volume={225},
  number={2},
  pages={254--277},
  year={2021},
  publisher={Elsevier}
}
@article{wang2024beautifying,
  title={Beautifying urban environment: Smart city construction and sustainable pollution control in China},
  author={Wang, Qipeng and Liu, Yong},
  journal={Journal of Environmental Management},
  volume={371},
  pages={123262},
  year={2024},
  publisher={Elsevier}
}
@article{farbmacher2022causal,
  title={Causal mediation analysis with double machine learning},
  author={Farbmacher, Helmut and Huber, Martin and Laff{\'e}rs, Luk{\'a}{\v{s}} and Langen, Henrika and Spindler, Martin},
  journal={The Econometrics Journal},
  volume={25},
  number={2},
  pages={277--300},
  year={2022},
  publisher={Oxford University Press}
}
@misc{chernozhukov2018double,
  title={Double/debiased machine learning for treatment and structural parameters},
  author={Chernozhukov, Victor and Chetverikov, Denis and Demirer, Mert and Duflo, Esther and Hansen, Christian and Newey, Whitney and Robins, James},
  year={2018},
  publisher={Oxford University Press Oxford, UK}
}
@inproceedings{oprescu2019orthogonal,
  title={Orthogonal random forest for causal inference},
  author={Oprescu, Miruna and Syrgkanis, Vasilis and Wu, Zhiwei Steven},
  booktitle={International Conference on Machine Learning},
  pages={4932--4941},
  year={2019},
  organization={PMLR}
}
@article{oprescu2018orthogonal,
  title={Orthogonal random forest for heterogeneous treatment effect estimation},
  author={Oprescu, Miruna and Syrgkanis, Vasilis and Wu, Zhiwei Steven},
  journal={arXiv preprint arXiv:1806.03467},
  pages={1--52},
  year={2018}
}
@article{wager2018estimation,
  title={Estimation and inference of heterogeneous treatment effects using random forests},
  author={Wager, Stefan and Athey, Susan},
  journal={Journal of the American Statistical Association},
  volume={113},
  number={523},
  pages={1228--1242},
  year={2018},
  publisher={Taylor \& Francis}
}